@article{shah1,
 author = {Shah, Devavrat and Zaman, Tauhid},
 title = {Detecting Sources of Computer Viruses in Networks: Theory and Experiment},
 journal = {SIGMETRICS Perform. Eval. Rev.},
 issue_date = {June 2010},
 volume = {38},
 number = {1},
 month = jun,
 year = {2010},
 issn = {0163-5999},
 pages = {203--214},
 numpages = {12},
 url = {http://doi.acm.org/10.1145/1811099.1811063},
 doi = {10.1145/1811099.1811063},
 acmid = {1811063},
 publisher = {ACM},
 address = {New York, NY, USA},
 keywords = {epidemics, estimation},
} 

@article{shah2,
 author = {Shah, D. and Zaman, T.},
 title = {Rumors in a Network: Who's the Culprit?},
 journal = {IEEE Trans. Inf. Theor.},
 issue_date = {August 2011},
 volume = {57},
 number = {8},
 month = aug,
 year = {2011},
 issn = {0018-9448},
 pages = {5163--5181},
 numpages = {19},
 url = {http://dx.doi.org/10.1109/TIT.2011.2158885},
 doi = {10.1109/TIT.2011.2158885},
 acmid = {2332033},
 publisher = {IEEE Press},
 address = {Piscataway, NJ, USA},
} 

@article{luo1,
 author = {Luo, Wuqiong and Tay, Wee Peng and Leng, Mei},
 title = {Identifying Infection Sources and Regions in Large Networks},
 journal = {Trans. Sig. Proc.},
 issue_date = {June 2013},
 volume = {61},
 number = {11},
 month = jun,
 year = {2013},
 issn = {1053-587X},
 pages = {2850--2865},
 numpages = {16},
 url = {http://dx.doi.org/10.1109/TSP.2013.2256902},
 doi = {10.1109/TSP.2013.2256902},
 acmid = {2710893},
 publisher = {IEEE Press},
 address = {Piscataway, NJ, USA},
} 

@article{dong1,
  author    = {Wenxiang Dong and
               Wenyi Zhang and
               Chee Wei Tan},
  title     = {Rooting out the Rumor Culprit from Suspects},
  journal   = {CoRR},
  volume    = {abs/1301.6312},
  year      = {2013},
  url       = {http://arxiv.org/abs/1301.6312},
  timestamp = {Fri, 01 Feb 2013 13:30:47 +0100},
  biburl    = {http://dblp.uni-trier.de/rec/bib/journals/corr/abs-1301-6312},
  bibsource = {dblp computer science bibliography, http://dblp.org}
}

@INPROCEEDINGS{chen1,
author={Zhen Chen and Kai Zhu and Lei Ying},
booktitle={Information Sciences and Systems (CISS), 2014 48th Annual Conference on},
title={Detecting multiple information sources in networks under the SIR model},
year={2014},
month={March},
pages={1-4},
keywords={network theory (graphs);pattern clustering;security of data;trees (mathematics);SIR model;g-regular tree;heuristic algorithm;multiple information source detection;named clustering;sample path based algorithm;susceptible-infected-recovered model;Approximation algorithms;Clustering algorithms;Computational modeling;Computers;Educational institutions;Heuristic algorithms;Signal processing algorithms},
doi={10.1109/CISS.2014.6814143},}

@proceeding{seo1,

author = {Seo, Eunsoo and Mohapatra, Prasant and Abdelzaher, Tarek},

title = {Identifying rumors and their sources in social networks},

journal = {Proc. SPIE},

volume = {8389},

number = {},

pages = {83891I-83891I-13},

year = {2012},

doi = {10.1117/12.919823},

URL = { http://dx.doi.org/10.1117/12.919823},

eprint = {}

}

@article{pinto,
  author    = {Pedro C. Pinto and
               Patrick Thiran and
               Martin Vetterli},
  title     = {Locating the Source of Diffusion in Large-Scale Networks},
  journal   = {CoRR},
  volume    = {abs/1208.2534},
  year      = {2012},
  url       = {http://arxiv.org/abs/1208.2534},
  timestamp = {Wed, 10 Oct 2012 21:28:55 +0200},
  biburl    = {http://dblp.uni-trier.de/rec/bib/journals/corr/abs-1208-2534},
  bibsource = {dblp computer science bibliography, http://dblp.org}
}

@article{dong2,
 author = {Wang, Zhaoxu and Dong, Wenxiang and Zhang, Wenyi and Tan, Chee Wei},
 title = {Rumor Source Detection with Multiple Observations: Fundamental Limits and Algorithms},
 journal = {SIGMETRICS Perform. Eval. Rev.},
 issue_date = {June 2014},
 volume = {42},
 number = {1},
 month = jun,
 year = {2014},
 issn = {0163-5999},
 pages = {1--13},
 numpages = {13},
 url = {http://doi.acm.org/10.1145/2637364.2591993},
 doi = {10.1145/2637364.2591993},
 acmid = {2591993},
 publisher = {ACM},
 address = {New York, NY, USA},
 keywords = {graph networks, inference algorithms, maximum likelihood detection, multiple observations, rumor spreading},
} 
